@article{gendreau2006neighborhood,
  title={Neighborhood search heuristics for a dynamic vehicle dispatching problem with pick-ups and deliveries},
  author={Gendreau, Michel and Guertin, Francois and Potvin, Jean-Yves and S{\'e}guin, Ren{\'e}},
  journal={Transportation Research Part C: Emerging Technologies},
  volume={14},
  number={3},
  pages={157--174},
  year={2006},
  publisher={Elsevier}
}